<record><leader>00000cas a22000007a 4500</leader><controlfield tag="001">436467227</controlfield><controlfield tag="008">090914d19uu1977cauwr ne      0    0eng d</controlfield><datafield ind1=" " ind2=" " tag="010"><subfield code="a">sn2009271011</subfield></datafield><datafield ind1=" " ind2=" " tag="040"><subfield code="a">CNK</subfield><subfield code="b">eng</subfield><subfield code="c">CNK</subfield><subfield code="d">CNK</subfield><subfield code="d">OCLCQ</subfield><subfield code="d">OCLCF</subfield><subfield code="d">OCLCO</subfield></datafield><datafield ind1=" " ind2=" " tag="042"><subfield code="a">msc</subfield></datafield><datafield ind1=" " ind2=" " tag="043"><subfield code="a">n-us-ca</subfield></datafield><datafield ind1="0" ind2="0" tag="245"><subfield code="a">Phelan and Pinon Hills progress.</subfield></datafield><datafield ind1="1" ind2="3" tag="246"><subfield code="a">Phelan &amp; Pinon Hills progress</subfield></datafield><datafield ind1=" " ind2=" " tag="260"><subfield code="a">Phelan, Calif. :</subfield><subfield code="b">Thomas C. Pinard and Shirley J. Pinard</subfield></datafield><datafield ind1=" " ind2=" " tag="300"><subfield code="a">v.</subfield></datafield><datafield ind1=" " ind2=" " tag="310"><subfield code="a">Weekly</subfield></datafield><datafield ind1="0" ind2=" " tag="362"><subfield code="a">-v. 7, no. 35 (Dec. 14, 1977).</subfield></datafield><datafield ind1=" " ind2=" " tag="500"><subfield code="a">"In association with the Wrightwood Mountaineer."</subfield></datafield><datafield ind1=" " ind2=" " tag="500"><subfield code="a">Occasional "Souvenir" editions published in conjunction with: Wrightwood Mountaineer.</subfield></datafield><datafield ind1=" " ind2=" " tag="530"><subfield code="a">Positive films are available for duplication from:</subfield><subfield code="b">California Newspaper Microfilm Archive;</subfield><subfield code="c">copies may be purchased by the reel; for further information consult the CNMA at:</subfield><subfield code="u">http://cbsr.ucr.edu</subfield></datafield><datafield ind1=" " ind2=" " tag="588"><subfield code="a">Description based on: Vol. 4, no. 19 (Aug. 22, 1974).</subfield></datafield><datafield ind1=" " ind2="0" tag="651"><subfield code="a">Phelan (Calif.)</subfield><subfield code="v">Newspapers.</subfield></datafield><datafield ind1=" " ind2="0" tag="651"><subfield code="a">Wrightwood (Calif.)</subfield><subfield code="v">Newspapers.</subfield></datafield><datafield ind1=" " ind2="4" tag="651"><subfield code="a">Pinon Hills (Calif.)</subfield><subfield code="v">Newspapers.</subfield></datafield><datafield ind1=" " ind2="7" tag="655"><subfield code="a">Newspapers.</subfield><subfield code="2">fast</subfield><subfield code="0">(OCoLC)fst01423814</subfield></datafield><datafield ind1=" " ind2="7" tag="651"><subfield code="a">California</subfield><subfield code="z">Phelan.</subfield><subfield code="2">fast</subfield><subfield code="0">(OCoLC)fst01219062</subfield></datafield><datafield ind1=" " ind2="7" tag="651"><subfield code="a">California</subfield><subfield code="z">Wrightwood.</subfield><subfield code="2">fast</subfield><subfield code="0">(OCoLC)fst01208692</subfield></datafield><datafield ind1=" " ind2=" " tag="752"><subfield code="a">United States</subfield><subfield code="b">California</subfield><subfield code="c">San Bernardino</subfield><subfield code="d">Phelan.</subfield></datafield><datafield ind1="0" ind2=" " tag="775"><subfield code="t">Wrightwood mountaineer</subfield><subfield code="w">(DLC)sn 96064563</subfield><subfield code="w">(OCoLC)36491927</subfield></datafield><datafield ind1="0" ind2="7" tag="785"><subfield code="t">Wrightwood mountaineer</subfield><subfield code="w">(DLC)sn 96064563</subfield><subfield code="w">(OCoLC)36491927</subfield></datafield><datafield ind1="0" ind2="7" tag="785"><subfield code="t">Wrightwood mountaineer Phelan and Pinon Hills progress</subfield><subfield code="w">(DLC)sn 96064564</subfield><subfield code="w">(OCoLC)36095570</subfield></datafield></record>